@inproceedings{pratt1995series,
  title={Series elastic actuators},
  author={Pratt, Gill A and Williamson, Matthew M},
  booktitle={Intelligent Robots and Systems 95.'Human Robot Interaction and Cooperative Robots', Proceedings. 1995 IEEE/RSJ International Conference on},
  volume={1},
  pages={399--406},
  year={1995},
  organization={IEEE}
}
@manual{ros,
  title="Página principal de ROS",
  author="Open Source Robotics Foundation",
  url="http://www.ros.org/",
  year="(último acceso 10 de Diciembre 2016)"
}
